@misc{mois15, 
    title={Java Concurrency Essentials}, 
    publisher={Exelixis Media P.C.}, 
    author={Mois, Martin}, 
    year={2015}
}

@article{farchi03, 
    title={Concurrent bug patterns and how to test them}, 
    DOI={10.1109/ipdps.2003.1213511}, 
    journal={Proceedings International Parallel and Distributed Processing Symposium}, 
    author={Farchi, E. and Nir, Y. and Ur, S.}, 
    year={2003}, 
    month={Apr}, 
    pages={286}
}

@article{bradbury06, 
    title = {Mutation Operators for Concurrent Java (J2SE 5.0)}, 
    DOI = {10.1109/mutation.2006.10}, 
    journal = {Second Workshop on Mutation Analysis (Mutation 2006 - ISSRE Workshops 2006)}, 
    author = {Bradbury, Jeremy S. and Cordy, James R. and Dingel, Juergen}, 
    year = {2006}
}

@book{silberschatz13,
     author = {Silberschatz, Abraham and Galvin, Peter B. and Gagne, Greg},
     title = {Operating System Concepts},
     year = {2013},
     isbn = {1118063333, 9781118063330},
     edition = {9th},
     publisher = {Wiley Publishing},
} 

@book{peierls05,
     author = {Peierls, Tim and Goetz, Brian and Bloch, Joshua and Bowbeer, Joseph and Lea, Doug and Holmes, David},
     title = {Java Concurrency in Practice},
     year = {2005},
     isbn = {0321349601},
     publisher = {Addison-Wesley Professional},
}

@misc{oracle19,
    author = {Oracle},
    title = {Lesson: Concurrency}, 
    url = {https://docs.oracle.com/javase/tutorial/essential/concurrency/index.html}, 
    journal = {Lesson: Concurrency (The Javaâ„¢ Tutorials > Essential Classes)}, 
    publisher = {Oracle},
    year = {2019}
}

@misc{pit19,
    author = {Pitest},
    title={Real world mutation testing}, 
    url={http://pitest.org/}, 
    journal={PIT Mutation Testing},
    year = {2019}
}